<record><leader>00000cas a2200000 a 4500</leader><controlfield tag="001">9656364</controlfield><controlfield tag="008">830629d18511916inudn ne      0   a0eng c</controlfield><datafield ind1=" " ind2=" " tag="010"><subfield code="a">sn 83025615 </subfield></datafield><datafield ind1=" " ind2=" " tag="040"><subfield code="a">NPV</subfield><subfield code="b">eng</subfield><subfield code="c">NPV</subfield><subfield code="d">NPX</subfield><subfield code="d">NPY</subfield><subfield code="d">NPU</subfield><subfield code="d">NPI</subfield><subfield code="d">NVF</subfield><subfield code="d">OCL</subfield><subfield code="d">DLC</subfield><subfield code="d">CUI</subfield><subfield code="d">OCLCQ</subfield><subfield code="d">OCLCF</subfield></datafield><datafield ind1=" " ind2=" " tag="042"><subfield code="a">pcc</subfield></datafield><datafield ind1=" " ind2=" " tag="043"><subfield code="a">n-us-in</subfield></datafield><datafield ind1=" " ind2=" " tag="045"><subfield code="a">w4x1</subfield></datafield><datafield ind1="0" ind2="0" tag="050"><subfield code="a">Newspaper 7733</subfield></datafield><datafield ind1=" " ind2="4" tag="050"><subfield code="a">AN</subfield></datafield><datafield ind1=" " ind2=" " tag="052"><subfield code="a">4093</subfield><subfield code="b">W6</subfield></datafield><datafield ind1="0" ind2="4" tag="245"><subfield code="a">The Lafayette daily courier.</subfield></datafield><datafield ind1="3" ind2="0" tag="246"><subfield code="a">Daily courier</subfield></datafield><datafield ind1=" " ind2=" " tag="260"><subfield code="a">Lafayette, Ind. :</subfield><subfield code="b">Wm. R. Ellis,</subfield><subfield code="c">1851-1916.</subfield></datafield><datafield ind1=" " ind2=" " tag="310"><subfield code="a">Daily (except Sunday)</subfield></datafield><datafield ind1="0" ind2=" " tag="362"><subfield code="a">Vol. 3, no. 4 (Dec. 13, 1851)- ; -65th year, no. 144 (Aug. 26, 1916).</subfield></datafield><datafield ind1=" " ind2=" " tag="500"><subfield code="a">Published as: Daily courier, July 4, 1871.</subfield></datafield><datafield ind1=" " ind2=" " tag="580"><subfield code="a">Weekly ed.: Lafayette weekly courier.</subfield></datafield><datafield ind1=" " ind2="0" tag="651"><subfield code="a">Lafayette (Ind.)</subfield><subfield code="v">Newspapers.</subfield></datafield><datafield ind1=" " ind2="0" tag="651"><subfield code="a">Tippecanoe County (Ind.)</subfield><subfield code="v">Newspapers.</subfield></datafield><datafield ind1=" " ind2="7" tag="655"><subfield code="a">Newspapers.</subfield><subfield code="2">fast</subfield><subfield code="0">(OCoLC)fst01423814</subfield></datafield><datafield ind1=" " ind2="7" tag="651"><subfield code="a">Indiana</subfield><subfield code="z">Lafayette.</subfield><subfield code="2">fast</subfield><subfield code="0">(OCoLC)fst01204553</subfield></datafield><datafield ind1=" " ind2="7" tag="651"><subfield code="a">Indiana</subfield><subfield code="z">Tippecanoe County.</subfield><subfield code="2">fast</subfield><subfield code="0">(OCoLC)fst01213782</subfield></datafield><datafield ind1=" " ind2=" " tag="752"><subfield code="a">United States</subfield><subfield code="b">Indiana</subfield><subfield code="c">Tippecanoe</subfield><subfield code="d">Lafayette.</subfield></datafield><datafield ind1="1" ind2=" " tag="775"><subfield code="t">Lafayette weekly courier</subfield><subfield code="w">(DLC)sn 84023984</subfield><subfield code="w">(OCoLC)11105878</subfield></datafield><datafield ind1="0" ind2="0" tag="780"><subfield code="t">Daily Lafayette courier</subfield><subfield code="w">(DLC)sn 86058116</subfield><subfield code="w">(OCoLC)14202769</subfield></datafield><datafield ind1="0" ind2="5" tag="780"><subfield code="t">Call (Lafayette, Ind.)</subfield><subfield code="w">(DLC)sn 86059088</subfield><subfield code="w">(OCoLC)14877066</subfield></datafield><datafield ind1="0" ind2="0" tag="785"><subfield code="t">Lafayette courier (Lafayette, Ind. : Daily)</subfield><subfield code="w">(DLC)sn 86059103</subfield><subfield code="w">(OCoLC)14950487</subfield></datafield></record>